<?xml version="1.0" encoding="UTF-8"?><record xmlns="http://www.loc.gov/MARC21/slim" xmlns:cinclude="http://apache.org/cocoon/include/1.0" xmlns:zs="http://www.loc.gov/zing/srw/">
  <leader>00299cz  a2200121n  4500</leader>
  <controlfield tag="001">n 2012032649</controlfield>
  <controlfield tag="003">DLC</controlfield>
  <controlfield tag="005">20120516074901.0</controlfield>
  <controlfield tag="008">120515n| acannaabn          |n aaa      </controlfield>
  <datafield tag="010" ind1=" " ind2=" ">
    <subfield code="a">n 2012032649</subfield>
  </datafield>
  <datafield tag="040" ind1=" " ind2=" ">
    <subfield code="a">DLC</subfield>
    <subfield code="c">DLC</subfield>
  </datafield>
  <datafield tag="100" ind1="1" ind2=" ">
    <subfield code="a">Prou, Gil</subfield>
  </datafield>
  <datafield tag="670" ind1=" " ind2=" ">
    <subfield code="a">Les me휍혖tamorphoses d'E휍혖ros, c2011:</subfield>
    <subfield code="b">t.p. (Gil Prou)</subfield>
  </datafield>
</record>